@inproceedings{DBLP:conf/crypto/Shamir84,
  author    = {Adi Shamir},
  title     = {Identity-Based Cryptosystems and Signature Schemes},
  booktitle = {CRYPTO},
  year      = {1984},
  pages     = {47-53},
  ee        = {http://dx.doi.org/10.1007/3-540-39568-7_5},
  crossref  = {DBLP:conf/crypto/1984},
  bibsource = {DBLP, http://dblp.uni-trier.de}
}

@proceedings{DBLP:conf/crypto/1984,
  editor    = {G. R. Blakley and
               David Chaum},
  title     = {Advances in Cryptology, Proceedings of CRYPTO '84, Santa
               Barbara, California, USA, August 19-22, 1984, Proceedings},
  booktitle = {CRYPTO},
  publisher = {Springer},
  series    = {Lecture Notes in Computer Science},
  volume    = {196},
  year      = {1985},
  isbn      = {3-540-15658-5},
  bibsource = {DBLP, http://dblp.uni-trier.de}
}

@misc{rfc4880,
  added-at = {2009-11-15T15:37:34.000+0100},
  author = {Callas, J. and Donnerhacke, L. and Finney, H. and Shaw, D. and Thayer, R.},
  biburl = {http://www.bibsonomy.org/bibtex/2ee21218acad21ea40c4a563a5818577a/henkellermann},
  howpublished = {RFC 4880 (Proposed Standard)},
  interhash = {6f8c2970b37d1052dcabca848c4f1903},
  intrahash = {ee21218acad21ea40c4a563a5818577a},
  keywords = {imported},
  month = {November},
  note = {Updated by RFC 5581},
  number = 4880,
  organization = {Internet Engineering Task Force},
  publisher = {IETF},
  series = {Request for Comments},
  timestamp = {2009-11-15T15:37:34.000+0100},
  title = {{OpenPGP Message Format}},
  url = {http://www.ietf.org/rfc/rfc4880.txt},
  year = 2007
}

@inproceedings{DBLP:conf/pet/BeatoKW11,
  author    = {Filipe Beato and
               Markulf Kohlweiss and
               Karel Wouters},
  title     = {Scramble! Your Social Network Data},
  booktitle = {PETS},
  year      = {2011},
  pages     = {211-225},
  ee        = {http://dx.doi.org/10.1007/978-3-642-22263-4_12},
  crossref  = {DBLP:conf/pet/2011},
  bibsource = {DBLP, http://dblp.uni-trier.de}
}

@proceedings{DBLP:conf/pet/2011,
  editor    = {Simone Fischer-H{\"u}bner and
               Nicholas Hopper},
  title     = {Privacy Enhancing Technologies - 11th International Symposium,
               PETS 2011, Waterloo, ON, Canada, July 27-29, 2011. Proceedings},
  booktitle = {Privacy Enhancing Technologies},
  publisher = {Springer},
  series    = {Lecture Notes in Computer Science},
  volume    = {6794},
  year      = {2011},
  isbn      = {978-3-642-22262-7},
  ee        = {http://dx.doi.org/10.1007/978-3-642-22263-4},
  bibsource = {DBLP, http://dblp.uni-trier.de}
}

@INPROCEEDINGS{Baek04asurvey,
    author = {Joonsang Baek and Jan Newmarch and Reihaneh Safavi-naini and Willy Susilo},
    title = {A Survey of Identity-Based Cryptography},
    booktitle = {Proc. of Australian Unix Users Group Annual Conference},
    year = {2004},
    pages = {95--102}
}

@inproceedings{BeatoScramble,
  author    = {Filipe Beato and
               Markulf Kohlweiss and
               Karel Wouters},
  title     = {Scramble! Your Social Network Data},
  booktitle = {PETS},
  year      = {2011},
  pages     = {211-225},
  ee        = {http://dx.doi.org/10.1007/978-3-642-22263-4_12},
  crossref  = {DBLP:conf/pet/2011},
  bibsource = {DBLP, http://dblp.uni-trier.de}
}

@proceedings{DBLP:conf/pet/2011,
  editor    = {Simone Fischer-H{\"u}bner and
               Nicholas Hopper},
  title     = {Privacy Enhancing Technologies - 11th International Symposium,
               PETS 2011, Waterloo, ON, Canada, July 27-29, 2011. Proceedings},
  booktitle = {Privacy Enhancing Technologies},
  publisher = {Springer},
  series    = {Lecture Notes in Computer Science},
  volume    = {6794},
  year      = {2011},
  isbn      = {978-3-642-22262-7},
  ee        = {http://dx.doi.org/10.1007/978-3-642-22263-4},
  bibsource = {DBLP, http://dblp.uni-trier.de}
}

@article{BadenPersona,
 author = {Baden, Randy and Bender, Adam and Spring, Neil and Bhattacharjee,
Bobby and Starin, Daniel},
 title = {Persona: an online social network with user-defined privacy},
 journal = {SIGCOMM Comput. Commun. Rev.},
 issue_date = {October 2009},
 volume = {39},
 number = {4},
 month = aug,
 year = {2009},
 issn = {0146-4833},
 pages = {135--146},
 numpages = {12},
 url = {http://doi.acm.org/10.1145/1594977.1592585},
 doi = {10.1145/1594977.1592585},
 acmid = {1592585},
 publisher = {ACM},
 address = {New York, NY, USA},
 keywords = {ABE, OSN, facebook, persona, privacy, social networks},
}
@inproceedings{Baden:2009:POS:1592568.1592585,
 author = {Baden, Randy and Bender, Adam and Spring, Neil and Bhattacharjee,
Bobby and Starin, Daniel},
 title = {Persona: an online social network with user-defined privacy},
 booktitle = {Proceedings of the ACM SIGCOMM 2009 conference on Data
communication},
 series = {SIGCOMM '09},
 year = {2009},
 isbn = {978-1-60558-594-9},
 location = {Barcelona, Spain},
 pages = {135--146},
 numpages = {12},
 url = {http://doi.acm.org/10.1145/1592568.1592585},
 doi = {10.1145/1592568.1592585},
 acmid = {1592585},
 publisher = {ACM},
 address = {New York, NY, USA},
 keywords = {ABE, OSN, facebook, persona, privacy, social networks},
} 

@article{SahaiFuzzyIBE,
  author    = {Amit Sahai and
               Brent Waters},
  title     = {Fuzzy Identity Based Encryption},
  journal   = {IACR Cryptology ePrint Archive},
  volume    = {2004},
  year      = {2004},
  pages     = {86},
  ee        = {http://eprint.iacr.org/2004/086},
  bibsource = {DBLP, http://dblp.uni-trier.de}
}

@inproceedings{WhittenJohnny,
 author = {Whitten, Alma and Tygar, J. D.},
 title = {Why Johnny can't encrypt: a usability evaluation of {PGP} 5.0},
 booktitle = {Proceedings of the 8th conference on USENIX Security Symposium -
Volume 8},
 series = {SSYM'99},
 year = {1999},
 location = {Washington, D.C.},
 pages = {14--14},
 numpages = {1},
 url = {http://dl.acm.org/citation.cfm?id=1251421.1251435},
 acmid = {1251435},
 publisher = {USENIX Association},
 address = {Berkeley, CA, USA},
} 

@article{BonehFranklinIBE,
  author    = {Dan Boneh and
               Matthew K. Franklin},
  title     = {Identity Based Encryption From the {W}eil Pairing},
  journal   = {IACR Cryptology ePrint Archive},
  volume    = {2001},
  year      = {2001},
  pages     = {90},
  ee        = {http://eprint.iacr.org/2001/090},
  bibsource = {DBLP, http://dblp.uni-trier.de}
}
@article{YoungbloodIntroduction,
 author = {Carl Youngblood},
 title = {An Introduction to Identity-based Cryptography},
 issue_date = {March 2005},
 month = march,
 year = {2005},
 url =
{http://courses.cs.washington.edu/courses/csep590/06wi/finalprojects/
youngblood\_csep590tu\_final\_paper.pdf},
 publisher = {CSEP 590TU},
 address = {University of Washington, USA},
}